<?xml version="1.0" encoding="UTF-8"?>
<record xmlns="http://www.loc.gov/MARC21/slim">
   <leader>01245cam a2200337 a 4500</leader>
   <controlfield tag="001">416915</controlfield>
   <controlfield tag="003">NjP</controlfield>
   <controlfield tag="005">20190705140609.0</controlfield>
   <controlfield tag="008">870212s1951    ua ac         000 0 ara d</controlfield>
   <datafield tag="024" ind1="7" ind2=" ">
      <subfield code="a">princeton_aco004967</subfield>
      <subfield code="2">local</subfield>
   </datafield>
   <datafield ind1=" " ind2=" " tag="040">
      <subfield code="a">NjP</subfield>
      <subfield code="c">PUL</subfield>
      <subfield code="d">PUL</subfield>
   </datafield>
   <datafield ind1=" " ind2=" " tag="035">
      <subfield code="a">(CStRLIN)NJPG87-B6277</subfield>
   </datafield>
   <datafield ind1=" " ind2=" " tag="035">
      <subfield code="9">ABZ2452TS</subfield>
   </datafield>
   <datafield ind1=" " ind2=" " tag="035">
      <subfield code="a">(NjP)416915</subfield>
   </datafield>
   <datafield ind1=" " ind2=" " tag="043">
      <subfield code="a">a-ir---</subfield>
   </datafield>
   <datafield ind1=" " ind2=" " tag="049">
      <subfield code="a">PULL</subfield>
   </datafield>
   <datafield ind1=" " ind2=" " tag="035">
      <subfield code="a">(OCoLC)ocm81869530</subfield>
   </datafield>
   <datafield ind1="1" ind2=" " tag="100">
      <subfield code="6">880-01</subfield>
      <subfield code="a">Haykal, Muḥammad Ḥasanayn.</subfield>
   </datafield>
   <datafield ind1="1" ind2="0" tag="245">
      <subfield code="6">880-02</subfield>
      <subfield code="a">Īrān fawqa al-burkān /</subfield>
      <subfield code="c">Muḥammad Ḥasanayn Haykal.</subfield>
   </datafield>
   <datafield ind1=" " ind2=" " tag="260">
      <subfield code="6">880-03</subfield>
      <subfield code="a">[Cairo] :</subfield>
      <subfield code="b">Dār Akhbār al-Yawm,</subfield>
      <subfield code="c">1951.</subfield>
   </datafield>
   <datafield ind1=" " ind2=" " tag="300">
      <subfield code="a">191 p. :</subfield>
      <subfield code="b">ill., ports. ;</subfield>
      <subfield code="c">21 cm.</subfield>
   </datafield>
   <datafield ind1="0" ind2=" " tag="490">
      <subfield code="6">880-04</subfield>
      <subfield code="a">Kitāb al-yawm ;</subfield>
      <subfield code="v">3</subfield>
   </datafield>
   <datafield ind1=" " ind2="0" tag="651">
      <subfield code="a">Iran</subfield>
      <subfield code="x">Politics and government</subfield>
      <subfield code="y">1941-1979.</subfield>
      <subfield code="0">http://id.loc.gov/authorities/subjects/sh85067912</subfield>
   </datafield>
   <datafield ind1="1" ind2=" " tag="880">
      <subfield code="6">100-01/r</subfield>
      <subfield code="a">هيكل، محمد حسنين.</subfield>
   </datafield>
   <datafield ind1="1" ind2="0" tag="880">
      <subfield code="6">245-02/r</subfield>
      <subfield code="a">ايران فوق البركان /</subfield>
      <subfield code="c">محمد حسنين هيكل.</subfield>
   </datafield>
   <datafield ind1=" " ind2=" " tag="880">
      <subfield code="6">260-03/r</subfield>
      <subfield code="a">[القاهرة] :</subfield>
      <subfield code="b">دار اخبار اليوم،</subfield>
      <subfield code="c">1951.</subfield>
   </datafield>
   <datafield ind1="0" ind2=" " tag="880">
      <subfield code="6">490-04/r</subfield>
      <subfield code="a">كتاب اليوم ؛</subfield>
      <subfield code="v">3</subfield>
   </datafield>
   <datafield ind1=" " ind2=" " tag="998">
      <subfield code="a">02/12/87</subfield>
      <subfield code="s">9114</subfield>
      <subfield code="n">NjP</subfield>
      <subfield code="w">NJPG87B6277</subfield>
      <subfield code="d">02/12/87</subfield>
      <subfield code="c">KE</subfield>
      <subfield code="b">KE</subfield>
      <subfield code="i">870212</subfield>
      <subfield code="l">NJPG</subfield>
   </datafield>
   <datafield ind1=" " ind2=" " tag="911">
      <subfield code="a">19921028</subfield>
   </datafield>
   <datafield ind1=" " ind2=" " tag="912">
      <subfield code="a">19900827000000.0</subfield>
   </datafield>
   <datafield ind1=" " ind2=" " tag="994">
      <subfield code="a">C0</subfield>
      <subfield code="b">PUL</subfield>
   </datafield>
   <datafield ind1=" " ind2=" " tag="999">
      <subfield code="a">416915</subfield>
   </datafield>
   <datafield ind1=" " ind2=" " tag="979">
      <subfield code="a">(OCoLC)ocn175786559</subfield>
   </datafield>
   <datafield ind1="0" ind2="0" tag="852">
      <subfield code="0">454050</subfield>
      <subfield code="b">nec</subfield>
      <subfield code="t">1</subfield>
      <subfield code="h">DS318</subfield>
      <subfield code="i">.H38</subfield>
   </datafield>
   <datafield ind1=" " ind2=" " tag="959">
      <subfield code="a">2000-06-13 00:00:00 -0400</subfield>
   </datafield>
</record>
